%% This BibTeX bibliography file was created using BibDesk.
%% http://bibdesk.sourceforge.net/
%% Created for Jie Cheng at 2015-01-27 03:13:21 pm +0000 
%% Saved with string encoding Unicode (UTF-8) 

%% book和inproceedings必须要有address和publisher
@article{wang2019dynamic,
  title={Dynamic graph cnn for learning on point clouds},
  author={Wang, Yue and Sun, Yongbin and Liu, Ziwei and Sarma, Sanjay E and Bronstein, Michael M and Solomon, Justin M},
  journal={Acm Transactions On Graphics (tog)},
  volume={38},
  number={5},
  pages={1--12},
  year={2019},
  publisher={ACM New York, NY, USA}
}
@book{mrireview,
  title={核磁共振成像学},
  author={俎栋林},
  year={2004},
  address={北京},
  publisher={高等教育出版社},
}

@article{mrf,
  title={Magnetic resonance fingerprinting},
  author={Ma, D. and Gulani, V. and Seiberlich, N. and Liu, K. and Sunshine, J. L. and Duerk, J. L. and Griswold, M. A.},
  journal={Nature},
  volume={495},
  number={7440},
  pages={187-192},
  year={2013},
}

@inproceedings{lustig2006,
  title={kt SPARSE: High frame rate dynamic MRI exploiting spatio-temporal sparsity},
  author={Lustig, Michael and Santos, Juan M and Donoho, David L and Pauly, John M},
  publisher={ISMRM},
  pages={2420},
  year={2006},
  address={Seattle, WA, USA},
  booktitle={Proceedings of the 13th Annual Meeting of ISMRM},
}

% 会议论文引用示例
@inproceedings{wang2021ai,
  title={人工智能技术在智能制造领域的应用研究},
  author={王小明 and 李小红 and 张三},
  booktitle={2021年人工智能国际会议论文集},
  pages={123--130},
  year={2021},
  address={北京},
  publisher={中国人工智能学会}
}

@inproceedings{smith2021nlp,
  title={Advanced neural networks for natural language processing},
  author={Smith, John and Johnson, Mary and Brown, David},
  booktitle={Proceedings of the 2021 International Conference on Machine Learning},
  pages={456--463},
  year={2021},
  address={San Francisco, CA, USA},
  publisher={ACM}
}

% 学位论文引用示例
@mastersthesis{liu2020thesis,
  title={基于深度学习的图像识别算法研究},
  author={刘小华},
  school={南京理工大学},
  year={2020},
  address={南京}
}

@mastersthesis{johnson2020thesis,
  title={Advanced neural network architectures for computer vision applications},
  author={Johnson, Robert},
  school={Stanford University},
  year={2020},
  address={Stanford, CA, USA}
}

% 专利引用示例
@patent{patent2021cn,
  title={一种基于神经网络的图像处理方法},
  author={陈小刚 and 王小丽},
  number={CN202110123456.7},
  year={2021},
  address={中国}
}

@patent{patent2021us,
  title={Novel machine learning algorithms for autonomous vehicle navigation},
  author={Wilson, James and Davis, Sarah},
  number={US202110987654.3},
  year={2021},
  address={United States}
}

% 技术报告引用示例
@techreport{report2021,
  title={人工智能技术发展现状与趋势分析报告},
  author={中国人工智能学会},
  institution={中国人工智能学会},
  year={2021},
  address={北京}
}

@techreport{report2021quantum,
  title={Quantum computing applications in cryptography: A comprehensive analysis},
  author={National Institute of Standards and Technology},
  institution={NIST},
  year={2021},
  address={Gaithersburg, MD, USA}
}

% 标准引用示例
@standard{standard2020,
  title={人工智能术语标准},
  author={全国信息技术标准化技术委员会},
  institution={全国信息技术标准化技术委员会},
  year={2020},
  address={北京}
}

@standard{iso2021privacy,
  title={Information technology - Security techniques - Privacy framework},
  author={International Organization for Standardization},
  institution={ISO},
  year={2021},
  address={Geneva, Switzerland}
}

% 报纸文章引用示例
@article{newspaper2021,
  title={人工智能技术在制造业转型升级中的作用},
  author={人民日报},
  journal={人民日报},
  year={2021},
  month={3},
  day={15},
  pages={A1}
}

@article{newspaper2021energy,
  title={Breakthrough in renewable energy storage technology},
  author={The New York Times},
  journal={The New York Times},
  year={2021},
  month={March},
  day={15},
  pages={A1}
}

% 电子资源引用示例
@misc{online2021,
  title={在线学术资源数据库},
  author={中国知网},
  howpublished={https://www.cnki.net},
  year={2021},
  note={访问日期：2021年3月15日}
}

@misc{github2021ml,
  title={Machine Learning Repository},
  author={GitHub},
  howpublished={https://github.com/ml-repo},
  year={2021},
  note={Accessed: March 15, 2021}
}

% 论文集引用示例
@incollection{collection2020,
  title={人工智能前沿技术研究综述},
  author={张小强 and 李小华},
  booktitle={人工智能前沿技术论文集},
  editor={王教授},
  pages={1--25},
  year={2020},
  address={北京},
  publisher={科学出版社}
}

@incollection{collection2021bio,
  title={Recent advances in computational biology},
  author={Anderson, Michael and Taylor, Jennifer},
  booktitle={Advances in Computational Sciences},
  editor={Prof. Smith},
  pages={78--95},
  year={2021},
  address={New York, NY, USA},
  publisher={Academic Press}
}

% 手册引用示例
@manual{manual2021,
  title={深度学习框架使用手册},
  author={腾讯AI实验室},
  organization={腾讯AI实验室},
  year={2021},
  address={深圳}
}

@manual{manual2021distributed,
  title={Comprehensive user guide for distributed computing systems},
  author={Microsoft Research},
  organization={Microsoft Corporation},
  year={2021},
  address={Redmond, WA, USA}
}




