%% This is test.bib
%% This file is for testing bibliography citition
%% Please do not modify this file

@book{knuth1984tex,
  title={The TeXbook},
  author={Knuth, Donald E.},
  year={1984},
  publisher={Addison-Wesley}
}

@book{lamport1994latex,
  title={LaTeX: A Document Preparation System},
  author={Lamport, Leslie},
  year={1994},
  publisher={Addison-Wesley}
}

@book{press2007numerical,
  title={Numerical Recipes: The Art of Scientific Computing},
  author={Press, William H. and Teukolsky, Saul A. and Vetterling, William T. and Flannery, Brian P.},
  year={2007},
  publisher={Cambridge University Press}
}

@article{dean2012large,
  title={Large scale distributed deep networks},
  author={Dean, Jeffrey and Corrado, Greg and Monga, Rajat and others},
  journal={Advances in Neural Information Processing Systems},
  volume={25},
  pages={1223--1231},
  year={2012}
}

% 中文期刊文章
@article{850419,
  title = "离散事件动态系统",
  journal = "自动化学报",
  volume = "11",
  number = "4",
  pages = "438-447",
  year = "1985",
  note = "",
  issn = "0254-4156",
  doi = "",
  author = "曹希仁"
}
% 英文期刊文章
@article{vaswani2017attention,
  title   = {Attention is all you need},
  author  = {Vaswani, Ashish and Shazeer, Noam and Parmar, Niki and Uszkoreit, Jakob and Jones, Llion and Gomez, Aidan N and Kaiser, {\L}ukasz and Polosukhin, Illia},
  journal = {Advances in neural information processing systems},
  volume  = {30},
  year    = {2017}
}

% 中文图书
@book{li2019machine,
  title={机器学习算法原理与应用},
  author={李华 and 王明},
  year={2019},
  edition   = {第1版},
  address={北京},
  publisher={科学出版社},
  language={chinese}
}

@book{严士健2003测度与概率,
  title={测度与概率},
  address={北京},
  edition   = {第2版},
  author={严士健 and 刘秀芳},
  publisher={测度与概率},
  year={2003},
}
% 英文图书
@book{morton1977use,
  title={Use of Medical Literature},
  author={Leslie Thomas Morton},
  isbn={9780408709163},
  lccn={77030008},
  year={1977},
  publisher={Butterworths}
}


% 中文会议论文
@inproceedings{wang2021ai,
  title={人工智能在智能制造中的应用},
  author={王强 and 赵敏 and 陈刚},
  booktitle={2021年中国人工智能大会论文集},
  pages={45--52},
  year={2021},
  address={上海},
  publisher={中国人工智能学会},
  language={chinese}
}

% 中文学位论文
@mastersthesis{liu2020thesis,
  title={基于深度学习的图像识别算法研究},
  author={刘洋},
  year={2020},
  school={南京理工大学},
  address={南京},
  language={chinese}
}

% 中文专利
@patent{patent2021cn,
  title={一种基于神经网络的图像处理方法},
  author={张伟 and 李娜},
  year={2021},
  patentid={CN202110123456.7},
  country={中国},
  language={chinese}
}

% 中文技术报告
@techreport{report2021,
  title={人工智能技术发展报告},
  author={中国人工智能学会},
  year={2021},
  institution={中国人工智能学会},
  address={北京},
  language={chinese}
}

% 中文标准
@misc{standard2020,
  title={人工智能术语},
  author={全国信息技术标准化技术委员会},
  year={2020},
  TypeofLit={S},
  language={chinese}
}

% 中文报纸文章
@article{newspaper2021,
  title={人工智能助力制造业转型升级},
  author={人民日报},
  journal={人民日报},
  year={2021},
  month={3},
  day={15},
  TypeofLit={N},
  language={chinese}
}

% 中文电子资源
@misc{online2021,
  title={人工智能发展白皮书},
  author={中国信息通信研究院},
  year={2021},
  url={https://www.caict.ac.cn/kxyj/qwfb/bps/202103/t20210315_374200.htm},
  citedate={2021-03-15},
  TypeofLit={EB},
  language={chinese}
}

@misc{jiec827,
  author = {Jiec827},
  title = {njustThesis},
  year={2016},
  url={https://github.com/jiec827/njustThesis},
  TypeofLit={EB},
  language={chinese}
}

@misc{2011njust_thesis,
  author = {},
  title = {南京理工大学学位论文 LaTeX 模板},
  year={2011},
  url={https://code.google.com/archive/p/latex-njust808/},
  TypeofLit={EB},
  note = {已失效},
  language={chinese}
}

@misc{2014njust_thesis,
  author = {NJUST},
  title = {南京理工大学博士、硕士学位论文撰写格式（2014版）},
  year={2014},
  url={https://gs.njust.edu.cn/57/08/c13822a87816/page.htm},
  TypeofLit={EB},
  language={chinese}
}
@misc{2024njust_thesis_overleaf,
  author = {Tingwei Wang},
  title = {NJUST南京理工大学硕士博士论文模板2024},
  year={2024},
  url={https://cn.overleaf.com/latex/templates/njustnan-jing-li-gong-da-xue-shuo-shi-bo-shi-lun-wen-mo-ban-2024/cgfknpxrgdfg},
  TypeofLit={EB},
  language={chinese}
}
@misc{2024njust_thesis_csdn,
  author = {Tingwei Wang},
  title = {NJUST LaTex template 南京理工大学硕士/博士论文模板 2024},
  year={2025},
  url={https://blog.csdn.net/WTWsama/article/details/138032968},
  TypeofLit={EB},
  language={chinese}
}
@misc{2020njust_thesis_PhD,
  author = {JunMa11},
  title = {从开题到离校——南京理工大学博士毕业之路},
  year={2020},
  url={https://github.com/dongwang881107/njustPhDRoad?tab=readme-ov-file},
  TypeofLit={EB},
  language={chinese}
}
@misc{2020njust_thesis_PhD_overleaf,
  author = {JunMa11},
  title = {南理工overleaf的在线模板},
  year={2020},
  url={https://www.overleaf.com/read/fkjpqsqsqwvt},
  TypeofLit={EB},
  language={chinese}
}
@misc{2020njust_thesis_master,
  author = {packyan},
  title = {南京理工大学 硕士毕业论文 Latex 模版},
  year={2020},
  url={https://github.com/packyan/NJUST_Master_Thesis_Latex_Template?tab=readme-ov-file},
  TypeofLit={EB},
  language={chinese}
}
@misc{2025zepinglee,
  author = {zepinglee},
  title = {GB/T 7714—2015 BibTeX Style},
  year={2025},
  url={https://github.com/zepinglee/gbt7714-bibtex-style?tab=readme-ov-file},
  TypeofLit={EB},
  language={chinese}
}
@misc{gbt7714-2015,
  author = {},
  title = {信息与文献 参考文献著录规则},
  year={},
  url={https://jwb.bit.edu.cn/docs/2024-12/db045ae5ef2649ab912c2dd2f3a71ca1.pdf},
  TypeofLit={EB},
  language={chinese}
}

% 中文论文集
@book{collection2020,
  title={人工智能前沿技术研究},
  editor={陈教授 and 李教授},
  year={2020},
  address={北京},
  publisher={清华大学出版社},
  TypeofLit={G},
  language={chinese}
}

% 中文手册
@manual{manual2021,
  title={深度学习框架使用手册},
  author={华为技术有限公司},
  year={2021},
  address={深圳},
  publisher={华为技术有限公司},
  TypeofLit={H},
  language={chinese}
}

% 英文会议论文
@inproceedings{smith2021nlp,
  title={Advanced neural networks for natural language processing},
  author={Smith, John and Johnson, Mary and Brown, David},
  booktitle={Proceedings of the 2021 International Conference on Machine Learning},
  pages={456--463},
  year={2021},
  address={San Francisco, CA, USA},
  publisher={ACM}
}

% 英文学位论文
@mastersthesis{johnson2020thesis,
  title={Advanced neural network architectures for computer vision applications},
  author={Johnson, Robert},
  school={Stanford University},
  year={2020},
  address={Stanford, CA, USA}
}

% 英文专利
@misc{patent2021us,
  title={Novel machine learning algorithms for autonomous vehicle navigation},
  author={Wilson, James and Davis, Sarah},
  year={2021},
  patentid={US202110987654.3},
  country={United States}
}

% 英文技术报告
@techreport{report2021quantum,
  title={Quantum computing applications in cryptography: A comprehensive analysis},
  author={National Institute of Standards and Technology},
  institution={NIST},
  year={2021},
  address={Gaithersburg, MD, USA}
}

% 英文标准
@misc{iso2021privacy,
  title={Information technology - Security techniques - Privacy framework},
  author={International Organization for Standardization},
  year={2021},
  TypeofLit={S}
}

% 英文报纸文章
@article{newspaper2021energy,
  title={Breakthrough in renewable energy storage technology},
  author={The New York Times},
  journal={The New York Times},
  year={2021},
  month={March},
  day={15},
  pages={A1}
}

% 英文电子资源
@misc{github2021ml,
  title={Machine Learning Repository},
  author={GitHub},
  year={2021},
  url={https://github.com/ml-repo},
  citedate={2021-03-15},
  TypeofLit={EB}
}

% 英文论文集
@incollection{collection2021bio,
  title={Recent advances in computational biology},
  author={Anderson, Michael and Taylor, Jennifer},
  booktitle={Advances in Computational Sciences},
  editor={Prof. Smith},
  pages={78--95},
  year={2021},
  address={New York, NY, USA},
  publisher={Academic Press}
}

% 英文手册
@manual{manual2021distributed,
  title={Comprehensive user guide for distributed computing systems},
  author={Microsoft Research},
  organization={Microsoft Corporation},
  year={2021},
  address={Redmond, WA, USA}
}